<collection xmlns="http://www.loc.gov/MARC21/slim">
<record>
  <leader>02269nam0a2200385 i 450 </leader>
  <controlfield tag="001">IT\ICCU\CNCE\020719</controlfield>
  <controlfield tag="005">20150528000000.0</controlfield>
  <datafield tag="012" ind1=" " ind2=" ">
    <subfield code="a">t.in 46o- a-me cite (3) 1543 (R)</subfield>
    <subfield code="2">fei</subfield>
  </datafield>
  <datafield tag="100" ind1=" " ind2=" ">
    <subfield code="a">19970101d1543        0itac0103    ba</subfield>
  </datafield>
  <datafield tag="101" ind1=" " ind2=" ">
    <subfield code="a">LAT</subfield>
  </datafield>
  <datafield tag="102" ind1=" " ind2=" ">
    <subfield code="a">IT</subfield>
  </datafield>
  <datafield tag="200" ind1="1" ind2=" ">
    <subfield code="a">Apparatus et delectus simplicium medicamentorum. De compositione medicamentorum secundum genera. Ex Paulo Aegineta. De compositione medicamentorum secundum genera vniuersalis methodus, ex Galeno. Omnia nunc primum aeditae, cum medicis, tum pharmacopolis omnibus apprime necessaria, auctore Conrado Gesnero Tigurino</subfield>
  </datafield>
  <datafield tag="210" ind1=" " ind2=" ">
    <subfield code="e">Venetijs</subfield>
    <subfield code="g">per Ioannem Antonium &amp; Petrum fratres de Nicolinis de Sabio</subfield>
    <subfield code="h">expensis vero Melchioris Sessae</subfield>
    <subfield code="h">1543 mensae \!! Iunij</subfield>
  </datafield>
  <datafield tag="215" ind1=" " ind2=" ">
    <subfield code="a">\24!, 306 \i.e. 406!, \2! p.</subfield>
    <subfield code="d">16ʻ</subfield>
  </datafield>
  <datafield tag="620" ind1=" " ind2=" ">
    <subfield code="a">IT</subfield>
    <subfield code="d">Venezia</subfield>
  </datafield>
  <datafield tag="700" ind1=" " ind2="1">
    <subfield code="a">Gesner,</subfield>
    <subfield code="b">Konrad</subfield>
    <subfield code="3">IT\ICCU\CNCA\001227</subfield>
  </datafield>
  <datafield tag="702" ind1=" " ind2="0">
    <subfield code="a">Paulus</subfield>
    <subfield code="c"> : Aegineta</subfield>
    <subfield code="3">IT\ICCU\CNCA\000054</subfield>
  </datafield>
  <datafield tag="702" ind1=" " ind2="1">
    <subfield code="a">Galenus,</subfield>
    <subfield code="b">Claudius</subfield>
    <subfield code="3">IT\ICCU\CNCA\000093</subfield>
  </datafield>
  <datafield tag="712" ind1="0" ind2="0">
    <subfield code="a">Nicolini da Sabbio, Giovanni Antonio &amp; Nicolini da Sabbio, Pietro</subfield>
    <subfield code="3">IT\ICCU\CNCT\000058</subfield>
    <subfield code="4">650</subfield>
  </datafield>
  <datafield tag="712" ind1="0" ind2="0">
    <subfield code="a">Sessa, Melchiorre</subfield>
    <subfield code="c"> &lt;1.&gt;</subfield>
    <subfield code="3">IT\ICCU\CNCT\000057</subfield>
    <subfield code="4">650</subfield>
  </datafield>
  <datafield tag="790" ind1=" " ind2="0">
    <subfield code="a">Euonymus</subfield>
    <subfield code="c"> : Philiatrus</subfield>
    <subfield code="3">IT\ICCU\CNCA\005980</subfield>
    <subfield code="z">Gesner, Konrad</subfield>
  </datafield>
  <datafield tag="790" ind1=" " ind2="1">
    <subfield code="a">Gessner,</subfield>
    <subfield code="b">Konrad</subfield>
    <subfield code="3">IT\ICCU\CNCA\014127</subfield>
    <subfield code="z">Gesner, Konrad</subfield>
  </datafield>
  <datafield tag="790" ind1=" " ind2="1">
    <subfield code="a">Gesner,</subfield>
    <subfield code="b">Konrad : von</subfield>
    <subfield code="3">IT\ICCU\CNCA\019770</subfield>
    <subfield code="z">Gesner, Konrad</subfield>
  </datafield>
  <datafield tag="790" ind1=" " ind2="1">
    <subfield code="a">Aegineta,</subfield>
    <subfield code="b">Paulus</subfield>
    <subfield code="3">IT\ICCU\CNCA\012342</subfield>
    <subfield code="z">Paulus : Aegineta</subfield>
  </datafield>
  <datafield tag="790" ind1=" " ind2="0">
    <subfield code="a">Paolo</subfield>
    <subfield code="c"> : d&apos;#Egina</subfield>
    <subfield code="3">IT\ICCU\CNCA\014683</subfield>
    <subfield code="z">Paulus : Aegineta</subfield>
  </datafield>
  <datafield tag="790" ind1=" " ind2="1">
    <subfield code="a">Galeno,</subfield>
    <subfield code="b">Claudio</subfield>
    <subfield code="3">IT\ICCU\CNCA\014027</subfield>
    <subfield code="z">Galenus, Claudius</subfield>
  </datafield>
  <datafield tag="790" ind1=" " ind2="0">
    <subfield code="a">Galeno</subfield>
    <subfield code="3">IT\ICCU\CNCA\025929</subfield>
    <subfield code="z">Galenus, Claudius</subfield>
  </datafield>
  <datafield tag="791" ind1="0" ind2="0">
    <subfield code="a">Sabio, Ioannes Antonius de &amp; Sabio, Petrus de</subfield>
    <subfield code="3">IT\ICCU\CNCT\002431</subfield>
    <subfield code="z">Nicolini da Sabbio, Giovanni Antonio &amp; Nicolini da Sabbio, Pietro</subfield>
  </datafield>
  <datafield tag="791" ind1="0" ind2="0">
    <subfield code="a">Sessa, Marchio</subfield>
    <subfield code="c"> &lt;1.&gt;</subfield>
    <subfield code="3">IT\ICCU\CNCT\005661</subfield>
    <subfield code="z">Sessa, Melchiorre &lt;1.&gt;</subfield>
  </datafield>
  <datafield tag="801" ind1=" " ind2="3">
    <subfield code="a">IT</subfield>
    <subfield code="b">ICCU</subfield>
    <subfield code="c">20201114</subfield>
  </datafield>
  <datafield tag="899" ind1=" " ind2=" ">
    <subfield code="a">Biblioteca civica Romolo Spezioli. Fermo</subfield>
    <subfield code="1">AP0012</subfield>
    <subfield code="2">UMC FM</subfield>
  </datafield>
  <datafield tag="899" ind1=" " ind2=" ">
    <subfield code="a">Biblioteca Ambrosiana. Milano</subfield>
    <subfield code="1">MI0133</subfield>
    <subfield code="2">VBA 01</subfield>
  </datafield>
  <datafield tag="899" ind1=" " ind2=" ">
    <subfield code="a">Biblioteca comunale Augusta. Perugia</subfield>
    <subfield code="1">PG0109</subfield>
    <subfield code="2">UM1 01</subfield>
  </datafield>
  <datafield tag="899" ind1=" " ind2=" ">
    <subfield code="a">Biblioteca dell&apos;Accademia di storia dell&apos;Arte sanitaria. Roma</subfield>
    <subfield code="1">RM0311</subfield>
    <subfield code="2">RMR SN</subfield>
  </datafield>
  <datafield tag="899" ind1=" " ind2=" ">
    <subfield code="a">Biblioteca nazionale Marciana. Venezia</subfield>
    <subfield code="1">VE0049</subfield>
    <subfield code="2">VEA BM</subfield>
  </datafield>
</record>
</collection>
